<?xml version="1.0" encoding="UTF-8"?>
<collection xmlns:xsi="http://www.w3.org/2001/XMLSchema-instance" xsi:schemaLocation="http://www.loc.gov/MARC21/slim http://www.loc.gov/standards/marcxml/schema/MARC21slim.xsd" xmlns="http://www.loc.gov/MARC21/slim">
<record>
  <leader>00579cam a2200181 u 4500</leader>
  <controlfield tag="001">646890</controlfield>
  <controlfield tag="003">NNC</controlfield>
  <controlfield tag="005">20151019143703.0</controlfield>
  <controlfield tag="008">880505q19101911ua ||||||||| |||| ||ara |</controlfield>
  <datafield tag="035" ind1=" " ind2=" ">
    <subfield code="a">(OCoLC)62730505</subfield>
  </datafield>
  <datafield tag="035" ind1=" " ind2=" ">
    <subfield code="a">(OCoLC)ocm62730505</subfield>
  </datafield>
  <datafield tag="035" ind1=" " ind2=" ">
    <subfield code="a">(CStRLIN)NYCG88-B32475</subfield>
  </datafield>
  <datafield tag="035" ind1=" " ind2=" ">
    <subfield code="9">ACV3913CU</subfield>
  </datafield>
  <datafield tag="035" ind1=" " ind2=" ">
    <subfield code="a">(NNC)646890</subfield>
  </datafield>
  <datafield tag="100" ind1="1" ind2=" ">
    <subfield code="a">Jurdānī, Muḥammad ʻAbd Allāh,</subfield>
    <subfield code="d">-1913.</subfield>
  </datafield>
  <datafield tag="245" ind1="1" ind2="3">
    <subfield code="a">al-Ajwibah al-jalīyah ʻan al-asʾilah al-dīnīyah fī madhhab al-sādah al-Shāfiʻīyah.</subfield>
  </datafield>
  <datafield tag="260" ind1=" " ind2=" ">
    <subfield code="a">Miṣr :</subfield>
    <subfield code="b">Maṭbaʻat al-Sharq,</subfield>
    <subfield code="c">1328h [1910 or 1911]</subfield>
  </datafield>
  <datafield tag="300" ind1=" " ind2=" ">
    <subfield code="a">72 p.</subfield>
  </datafield>
  <datafield tag="955" ind1=" " ind2=" ">
    <subfield code="b">CU10659161</subfield>
    <subfield code="d">off,glx</subfield>
    <subfield code="e">ME06545</subfield>
  </datafield>
</record>
</collection>